% This file was created with JabRef 2.10b2.
% Encoding: UTF8


@InProceedings{baillie2005urbi,
  Title                    = {Urbi: Towards a universal robotic low-level programming language},
  Author                   = {Baillie, J-C},
  Booktitle                = {Intelligent Robots and Systems, IEEE/RSJ International Conference on},
  Year                     = {2005},
  Organization             = {IEEE},
  Pages                    = {820--825}
}

@InProceedings{beetz2010cram,
  Title                    = {{CRAM} --- {A} {C}ognitive {R}obot {A}bstract {M}achine for Everyday Manipulation in Human Environments},
  Author                   = {Michael Beetz and Lorenz M\"osenlechner and Moritz Tenorth},
  Booktitle                = {IEEE/RSJ International Conference on Intelligent Robots and Systems},
  Year                     = {2010},

  File                     = {Beetz2010.pdf:Beetz2010.pdf:PDF},
  Owner                    = {slemaign},
  Timestamp                = {2010.03.10}
}

@Article{bohren2010smach,
  Title                    = {The SMACH high-level executive},
  Author                   = {Bohren, J and Cousins, Steve},
  Journal                  = {Robotics \& Automation Magazine, IEEE},
  Year                     = {2010},
  Number                   = {4},
  Pages                    = {18--20},
  Volume                   = {17},

  Publisher                = {IEEE}
}

@InProceedings{degroote2011roar,
  Title                    = {{ROAR:} Resource oriented agent architecture for the autonomy of robots.},
  Author                   = {Arnaud Degroote and Simon Lacroix},
  Booktitle                = {{IEEE} International Conference on Robotics and Automation, {ICRA} 2011, Shanghai, China, 9-13 May 2011},
  Year                     = {2011},
  Pages                    = {6090--6095},

  Bibsource                = {dblp computer science bibliography, http://dblp.org},
  Biburl                   = {http://dblp.uni-trier.de/NEW/rec/bib/conf/icra/DegrooteL11},
  Doi                      = {10.1109/ICRA.2011.5979978},
  Timestamp                = {Tue, 02 Sep 2014 14:34:18 +0200},
  Url                      = {http://dx.doi.org/10.1109/ICRA.2011.5979978}
}

@PhdThesis{ferrein2007robot,
  Title                    = {Robot controllers for highly dynamic environments with real-time constraints.},
  Author                   = {Alexander Antoine Ferrein},
  School                   = {{RWTH} Aachen University},
  Year                     = {2007},

  Bibsource                = {dblp computer science bibliography, http://dblp.org},
  Biburl                   = {http://dblp.uni-trier.de/NEW/rec/bib/phd/de/Ferrein2007},
  Timestamp                = {Tue, 02 Sep 2014 14:22:52 +0200},
  Url                      = {http://darwin.bth.rwth-aachen.de/opus3/volltexte/2008/2172/}
}

@InProceedings{foote2013tf,
  Title                    = {tf: The transform library},
  Author                   = {Foote, Tully},
  Booktitle                = {Technologies for Practical Robot Applications (TePRA), 2013 IEEE International Conference on},
  Year                     = {2013},
  Month                    = {April},
  Pages                    = {1-6},
  Series                   = {Open-Source Software workshop},

  Doi                      = {10.1109/TePRA.2013.6556373},
  ISSN                     = {2325-0526}
}

@Article{harel1996statemate,
  Title                    = {The STATEMATE Semantics of Statecharts},
  Author                   = {Harel, David and Naamad, Amnon},
  Journal                  = {ACM Trans. Softw. Eng. Methodol.},
  Year                     = {1996},

  Month                    = oct,
  Number                   = {4},
  Pages                    = {293--333},
  Volume                   = {5},

  Acmid                    = {235322},
  Address                  = {New York, NY, USA},
  Doi                      = {10.1145/235321.235322},
  ISSN                     = {1049-331X},
  Issue_date               = {Oct. 1996},
  Keywords                 = {STATEMATE, behavioral modeling, reactive system, semantics, statechart},
  Numpages                 = {41},
  Publisher                = {ACM},
  Url                      = {http://doi.acm.org/10.1145/235321.235322}
}

@InProceedings{ingrand1996prs,
  Title                    = {{PRS}: A high level supervision and control language for autonomous mobile robots},
  Author                   = {Ingrand, F.F. and Chatila, R. and Alami, R. and Robert, F.},
  Booktitle                = {Proceedings of the IEEE International Conference on Robotics and Automation},
  Year                     = {1996},
  Pages                    = {43--49},
  Volume                   = {1}
}

@Article{joyeux2009plan,
  Title                    = {A plan manager for multi-robot systems},
  Author                   = {Joyeux, Sylvain and Alami, Rachid and Lacroix, Simon and Philippsen, Roland},
  Journal                  = {The International Journal of Robotics Research},
  Year                     = {2009},
  Number                   = {2},
  Pages                    = {220--240},
  Volume                   = {28},

  Publisher                = {SAGE Publications}
}

@InProceedings{joyeux2011robot,
  Title                    = {Robot development: from components to systems},
  Author                   = {Joyeux, Sylvain and Albiez, Jan},
  Booktitle                = {6th National Conference on Control Architectures of Robots},
  Year                     = {2011}
}

@InProceedings{klotzbucher2010orocos,
  Title                    = {Orocos rtt-lua: an execution environment for building real-time robotic domain specific languages},
  Author                   = {Klotzb{\"u}cher, Markus and Soetens, Peter and Bruyninckx, Herman},
  Booktitle                = {International Workshop on Dynamic languages for RObotic and Sensors},
  Year                     = {2010},
  Pages                    = {284289}
}

@InProceedings{lemaignan2012roboscopie,
  Title                    = {Roboscopie: A Theatre Performance for a Human and a Robot},
  Author                   = {Lemaignan, S. and Gharbi, M. and Mainprice, J. and Herrb, M. and Alami, R.},
  Booktitle                = {Proceedings of the 2012 Human-Robot Interaction Conference},
  Year                     = {2012},
  Note                     = {Short},
  Pages                    = {427--428},

  Doi                      = {10.1145/2157689.2157831},
  ISBN                     = {978-1-4503-1063-5}
}

@Article{levesque1997golog,
  Title                    = {{GOLOG}: A logic programming language for dynamic domains},
  Author                   = {Levesque, H.J. and Reiter, R. and Lesperance, Y. and Lin, F. and Scherl, R.B.},
  Journal                  = {The Journal of Logic Programming},
  Year                     = {1997},
  Number                   = {1-3},
  Pages                    = {59--83},
  Volume                   = {31},

  Publisher                = {Elsevier}
}

@TechReport{mcdermott1993reactive,
  Title                    = {A Reactive Plan Language},
  Author                   = {Drew Mcdermott},
  Institution              = {Yale University},
  Year                     = {1993},
  Number                   = {YALEU/DCS/RR-864},
  Type                     = {Research report}
}

@InProceedings{mcgann2007trex,
  Title                    = {T-rex: A model-based architecture for auv control},
  Author                   = {McGann, Conor and Py, Frederic and Rajan, Kanna and Thomas, Hans and Henthorn, Richard and McEwen, Rob},
  Booktitle                = {3rd Workshop on Planning and Plan Execution for Real-World Systems},
  Year                     = {2007},
  Volume                   = {2007}
}

